@article{dorri2018multi,
  title={Multi-agent systems: A survey},
  author={Dorri, Ali and Kanhere, Salil S and Jurdak, Raja},
  journal={Ieee Access},
  volume={6},
  pages={28573--28593},
  year={2018},
  publisher={IEEE}
}
@article{hernandez2021using,
  title={Using Fuzzy Inference Systems for the Creation of Forex Market Predictive Models},
  author={Hernandez-Aguila, Amaury and Garc{\'\i}a-Valdez, Mario and Merelo-Guerv{\'o}s, Juan-Juli{\'A}n and Casta{\~n}{\'o}n-Puga, Manuel and L{\'o}pez, Oscar Castillo},
  journal={IEEE Access},
  year={2021},
  publisher={IEEE}
}